@book{example2023,
  title     = {Example Book Title},
  author    = {Author, A.},
  year      = {2023},
  publisher = {Example Publisher}
}